@misc{will_kuleshov,
  author={Kuleshov, S and Brooks, W},
  title={A pre-shower detector for forward electromagnetic calorimeters},
  year={2012},
  howpublished={\url{https://wiki.bnl.gov/conferences/images/b/bd/RD2012-13_Brooks_preshower_final.pdf}}
 }
 @book{soria2011fisica,
  title={F{\'\i}sica de part{\'\i}culas y de astropart{\'\i}culas},
  author={Soria, Antonio Ferrer and Mart{\'\i}nez, Eduardo Ros},
  year={2011},
  publisher={Universitat de Val{\`e}ncia}
}
@book{leo2012techniques,
  title={Techniques for nuclear and particle physics experiments: a how-to approach},
  author={Leo, William R},
  year={2012},
  publisher={Springer Science \& Business Media}
}
@book{green2000physics,
  title={The physics of particle detectors},
  author={Green, Dan},
  volume={12},
  year={2000},
  publisher={Cambridge University Press}
}
@misc{atlas1996atlas,
  title={ATLAS liquid argon calorimeter technical design report},
  author={Atlas Collaboration and others},
  year={1996},
  publisher={CERN/LHCC}
}
@article{amarian2001clas,
  title={The CLAS forward electromagnetic calorimeter},
  author={Amarian, M and Asryan, Geram and Beard, Kevin and Brooks, Will and Burkert, Volker and Carstens, Tom and Coleman, Alan and Demirchyan, Raphael and Efremenko, Yu and Egiyan, Hovanes and others},
  journal={Nuclear Instruments and Methods in Physics Research Section A: Accelerators, Spectrometers, Detectors and Associated Equipment},
  volume={460},
  number={2},
  pages={239--265},
  year={2001},
  publisher={Elsevier}
}
@article{speer2006track,
  title={Track reconstruction in the CMS tracker},
  author={Speer, Thomas and Adam, W and Fr{\"u}hwirth, R and Strandlie, A and Todorov, T and Winkler, M},
  journal={Nuclear Instruments and Methods in Physics Research Section A: Accelerators, Spectrometers, Detectors and Associated Equipment},
  volume={559},
  number={1},
  pages={143--147},
  year={2006},
  publisher={Elsevier}
}
@misc{atlas4calorimeter,
  title={EM Calorimeter Calibration and Performance},
  author={S. Snyder et al,C. Adam-Bourdarios},
  year={2008},
  publisher={CSC-EG-06}
}
@techreport{lampl2008calorimeter,
  title={Calorimeter Clustering Algorithms},
  author={Lampl, W and Loch, P and Menke, S and Rajagopalan, S and Laplace, S and Unal, G and Ma, H and Snyder, S and Lelas, D and Rousseau, D},
  year={2008}
}
@article{alice1999technical,
  title={Technical Design Report of the Photon Spectrometer (PHOS)},
  author={ALICE collaboration and others},
  journal={CERN/LHCC},
  volume={99},
  number={4},
  year={1999}
}
@article{berger1992particle,
  title={Particle identification in modular electromagnetic calorimeters},
  author={Berger, F and Bock, D and Clewing, G and Dragon, L and Glasow, R and H{\"o}lker, G and Kampert, KH and Peitzmann, T and Purschke, M and Roters, B and others},
  journal={Nuclear Instruments and Methods in Physics Research Section A: Accelerators, Spectrometers, Detectors and Associated Equipment},
  volume={321},
  number={1},
  pages={152--164},
  year={1992},
  publisher={Elsevier}
}
@inproceedings{bashmakov1998photon,
  title={Photon position and energy reconstruction in a cherenkov hodoscope},
  author={Bashmakov, Yuriy A and Korbut, Margaret S},
  booktitle={AIP Conference Proceedings},
  pages={562--570},
  year={1998},
  organization={IOP INSTITUTE OF PHYSICS PUBLISHING LTD}
}
@article{awes1992simple,
  title={A simple method of shower localization and identification in laterally segmented calorimeters},
  author={Awes, TC and Obenshain, FE and Plasil, F and Saini, S and Sorensen, SP and Young, GR},
  journal={Nuclear Instruments and Methods in Physics Research Section A: Accelerators, Spectrometers, Detectors and Associated Equipment},
  volume={311},
  number={1},
  pages={130--138},
  year={1992},
  publisher={Elsevier}
}
@article{bremer2014measurements,
  title={Measurements and Simulations on Position Dependencies in the Response of Single PWO Crystals and a Prototype for the PANDA EMC},
  author={Bremer, Daniel Andreas},
  year={2014},
  publisher={Universit{\"a}tsbibliothek Giessen}
}
@article{agostinelli2003geant4,
  title={GEANT4 - a simulation toolkit},
  author={Agostinelli, S and Allison, John and Amako, K al and Apostolakis, J and Araujo, H and Arce, P and Asai, M and Axen, D and Banerjee, S and Barrand, G and others},
  journal={Nuclear instruments and methods in physics research section A: Accelerators, Spectrometers, Detectors and Associated Equipment},
  volume={506},
  number={3},
  pages={250--303},
  year={2003},
  publisher={Elsevier}
}
@article{antcheva2009root,
  title={ROOT-A C++ framework for petabyte data storage, statistical analysis and visualization},
  author={Antcheva, Ilka and Ballintijn, M and Bellenot, B and Biskup, M and Brun, Rene and Buncic, N and Canal, Ph and Casadei, D and Couet, O and Fine, V and others},
  journal={Computer Physics Communications},
  volume={180},
  number={12},
  pages={2499--2512},
  year={2009},
  publisher={Elsevier}
}
@article{aad2011measurement,
  title={Measurement of the inclusive isolated prompt photon cross section in p p collisions at s= 7 TeV with the ATLAS detector},
  author={Aad, Georges and Abbott, Brad and Abdallah, Jalal and Abdelalim, AA and Abdesselam, A and Abdinov, O and Abi, B and Abolins, M and Abramowicz, H and Abreu, H and others},
  journal={Physical Review D},
  volume={83},
  number={5},
  pages={052005},
  year={2011},
  publisher={APS}
}
@misc{1412.7086,
Author = { ATLAS Collaboration},
Title = {Identification and energy calibration of hadronically decaying tau leptons with the ATLAS experiment in $pp$ collisions at $\sqrt{s}$=8 TeV},
Year = {2014},
Eprint = {arXiv:1412.7086},
}
@incollection{berkhin2006survey,
  title={A survey of clustering data mining techniques},
  author={Berkhin, Pavel},
  booktitle={Grouping multidimensional data},
  pages={25--71},
  year={2006},
  publisher={Springer}
}
@article{davies1954theory,
  title={Theory of bremsstrahlung and pair production. II. Integral cross section for pair production},
  author={Davies, Handel and Bethe, HA and Maximon, LC},
  journal={Physical review},
  volume={93},
  number={4},
  pages={788},
  year={1954},
  publisher={APS}
}
@misc{ax-pet,
  author={The AX-PET Collaboration},
  title={AX-PET - A Demonstrator for an Axial PET Camera with WLS Strips and G-APD Readout},
  year={2012},
  howpublished={\url{https://twiki.cern.ch/twiki/bin/view/AXIALPET}}
 }
@misc{pet,
  author={Matthieu Heller},
  title={AX-PET:A novel PET concept with G-APD readout},
  year={2012},
  howpublished={\url{http://ndip.in2p3.fr/ndip11/AGENDA/AGENDA-by-DAY/Presentations /3Wednesday/AM/ID120-HELLER.pdf}}
 }
@masterthesis{tesis-esteban,
  author={Esteban Zambrano},
  title={Detector de pre-shower para calor\'imetros de lluvia electromagn\'etica},
  year={2015},
  school={Universidad T\'ecnica Federico Santa Mar\'ia, Departamento de Electr\'onica},
  note={Universidad T\'ecnica Federico Santa Mar\'ia, Departamento de Electr\'onica. Tesis de grado}
 }
@inproceedings{huber2000lso,
  title={A LSO scintillator array for a PET detector module with depth of interaction measurement},
  author={Huber, JS and Moses, WW and Andreaco, MS and Petterson, O},
  booktitle={Nuclear Science Symposium Conference Record, 2000 IEEE},
  volume={2},
  pages={14--46},
  year={2000},
  organization={IEEE}
}
@article{colas2005position,
  title={Position resolution and particle identification with the ATLAS EM calorimeter},
  author={Colas, J and Di Ciaccio, L and El Kacimi, M and Gaumer, O and Gouan{\`e}re, M and Goujdami, D and Lafaye, Remi and Le Maner, C and Neukermans, L and Perrodo, P and others},
  journal={Nuclear Instruments and Methods in Physics Research Section A: Accelerators, Spectrometers, Detectors and Associated Equipment},
  volume={550},
  number={1},
  pages={96--115},
  year={2005},
  publisher={Elsevier}
}
@article{aad2012electron,
  title={Electron performance measurements with the ATLAS detector using the 2010 LHC proton-proton collision data},
  author={Aad, Georges and Abbott, B and Abdallah, J and Abdelalim, AA and Abdesselam, A and Abdinov, O and Abi, B and Abolins, M and Abramowicz, H and Abreu, H and others},
  journal={The European Physical Journal C},
  volume={72},
  number={3},
  pages={1--46},
  year={2012},
  publisher={Springer}
}
@article{kalinowski2009tau,
  title={Tau Lepton Reconstruction and Identification with the ATLAS Detector at the LHC},
  author={Kalinowski, A and Atlas Collaboration and others},
  journal={Nuclear Physics B-Proceedings Supplements},
  volume={189},
  pages={305--310},
  year={2009},
  publisher={Elsevier}
}
@article{atlas2016topological,
  title={Topological cell clustering in the ATLAS calorimeters and its performance in LHC Run 1},
  author={ATLAS Collaboration and others},
  journal={arXiv preprint arXiv:1603.02934},
  year={2016}
}
@article{pinfold2012evaluation,
  title={Evaluation of the local hadronic calibration with combined beam-test data for the endcap and forward calorimeters of ATLAS in the pseudorapidity region 2.5<| $\eta$|< 4.0},
  author={Pinfold, J and Soukup, J and Archambault, JP and Cojocaru, C and Khakzad, M and Oakham, G and Schram, M and Vincter, MG and Datskov, V and Drobin, V and others},
  journal={Nuclear Instruments and Methods in Physics Research Section A: Accelerators, Spectrometers, Detectors and Associated Equipment},
  volume={693},
  pages={74--97},
  year={2012},
  publisher={Elsevier}
}
@techreport{barillari2008local,
  title={Local hadronic calibration},
  author={Barillari, T and Jantsch, A and Stavina, P and Kiryunin, A and Carli, T and Grahn, KJ and Giovannini, P and Rauter, E and Pospelov, G and Str{\'\i}zenec, P and others},
  year={2008}
}
@article{cojocaru2004hadronic,
  title={Hadronic calibration of the ATLAS liquid argon end-cap calorimeter in the pseudorapidity region 1.6<| $\eta$|< 1.8 in beam tests},
  author={Cojocaru, C and Pinfold, J and Soukup, J and Vincter, M and Datskov, V and Fedorov, A and Golubykh, S and Javadov, N and Kalinnikov, V and Kakurin, S and others},
  journal={Nuclear Instruments and Methods in Physics Research Section A: Accelerators, Spectrometers, Detectors and Associated Equipment},
  volume={531},
  number={3},
  pages={481--514},
  year={2004},
  publisher={Elsevier}
}
@article{sandhir2012dynamic,
  title={Dynamic fuzzy c-means (dFCM) clustering and its application to calorimetric data reconstruction in high-energy physics},
  author={Sandhir, Radha Pyari and Muhuri, Sanjib and Nayak, Tapan K},
  journal={Nuclear Instruments and Methods in Physics Research Section A: Accelerators, Spectrometers, Detectors and Associated Equipment},
  volume={681},
  pages={34--43},
  year={2012},
  publisher={Elsevier}
}
@article{bezdek1984fcm,
  title={FCM: The fuzzy c-means clustering algorithm},
  author={Bezdek, James C and Ehrlich, Robert and Full, William},
  journal={Computers \& Geosciences},
  volume={10},
  number={2},
  pages={191--203},
  year={1984},
  publisher={Elsevier}
}
@article{pal2011application,
  title={Application of fuzzy-based pattern recognition techniques for cluster finding in a preshower detector in high energy heavy ion experiments},
  author={Pal, Susanta Kumar and Chattopadhyay, Subhasis and Viyogi, YP},
  journal={Nuclear Instruments and Methods in Physics Research Section A: Accelerators, Spectrometers, Detectors and Associated Equipment},
  volume={626},
  pages={105--113},
  year={2011},
  publisher={Elsevier}
}
@inproceedings{simon2009energy,
  title={Energy reconstruction of hadron showers in the CALICE calorimeters},
  author={Simon, Frank},
  booktitle={Nuclear Science Symposium Conference Record (NSS/MIC), 2009 IEEE},
  pages={2292--2295},
  year={2009},
  organization={IEEE}
}
@article{morhavc2000identification,
  title={Identification of peaks in multidimensional coincidence $\gamma$-ray spectra},
  author={Morh{\'a}{\v{c}}, Miroslav and Kliman, J{\'a}n and Matou{\v{s}}ek, Vladislav and Veselsk{\`y}, Martin and Turzo, Ivan},
  journal={Nuclear Instruments and Methods in Physics Research Section A: Accelerators, Spectrometers, Detectors and Associated Equipment},
  volume={443},
  number={1},
  pages={108--125},
  year={2000},
  publisher={Elsevier}
}
@article{mariscotti1967method,
  title={A method for automatic identification of peaks in the presence of background and its application to spectrum analysis},
  author={Mariscotti, MA},
  journal={Nuclear Instruments and Methods},
  volume={50},
  number={2},
  pages={309--320},
  year={1967},
  publisher={Elsevier}
}
@article{akopdjanov1977determination,
  title={Determination of photon coordinates in a hodoscope cherenkov spectrometer},
  author={Akopdjanov, GA and Inyakin, AV and Kachanov, VA and Krasnokutsky, RN and Lednev, AA and Mikhailov, Yu V and Prokoshkin, Yu D and Razuvaev, EA and Shuvalov, RS},
  journal={Nuclear Instruments and Methods},
  volume={140},
  number={3},
  pages={441--445},
  year={1977},
  publisher={Elsevier}
}
@article{bugge1986determination,
  title={On the determination of shower central positions from lateral samplings},
  author={Bugge, Lars},
  journal={Nuclear Instruments and Methods in Physics Research Section A: Accelerators, Spectrometers, Detectors and Associated Equipment},
  volume={242},
  number={2},
  pages={228--236},
  year={1986},
  publisher={Elsevier}
}
@article{silagadze1996new,
  title={A new algorithm for automatic photopeak searches},
  author={Silagadze, ZK},
  journal={Nuclear Instruments and Methods in Physics Research Section A: Accelerators, Spectrometers, Detectors and Associated Equipment},
  volume={376},
  number={3},
  pages={451--454},
  year={1996},
  publisher={Elsevier}
}
@article{morhavc2000identification,
  title={Identification of peaks in multidimensional coincidence $\gamma$-ray spectra},
  author={Morh{\'a}{\v{c}}, Miroslav and Kliman, J{\'a}n and Matou{\v{s}}ek, Vladislav and Veselsk{\`y}, Martin and Turzo, Ivan},
  journal={Nuclear Instruments and Methods in Physics Research Section A: Accelerators, Spectrometers, Detectors and Associated Equipment},
  volume={443},
  number={1},
  pages={108--125},
  year={2000},
  publisher={Elsevier}
}
@article{aurisano2016convolutional,
  title={A Convolutional Neural Network Neutrino Event Classifier},
  author={Aurisano, A and Radovic, A and Rocco, D and Himmel, A and Messier, MD and Niner, E and Pawloski, G and Psihas, F and Sousa, A and Vahle, P},
  journal={arXiv preprint arXiv:1604.01444},
  year={2016}
}

